@PREAMBLE{
 "\providecommand{\noopsort}[1]{}" 
 # "\providecommand{\singleletter}[1]{#1}%" 
}

@BOOK{Bire82,
   author       = {N. D. Birell and P. C. W. Davies},
   year         = 1982,
   title        = {Quantum Fields in Curved Space},
   publisher    = {Cambridge University Press}
}

@ARTICLE{feyn54,
   author       = "R. P. Feynman",
   year         = "1954",
   journal      = "Phys.\ Rev.",
   volume       = "94",
   pages        = "262",
}

@ARTICLE{wilsonNobel,
  title = {The renormalization group and critical phenomena},
  author = {Wilson, Kenneth G.},
  journal = {Rev. Mod. Phys.},
  volume = {55},
  issue = {3},
  pages = {583--600},
  numpages = {0},
  year = {1983},
  month = {Jul},
  publisher = {American Physical Society},
  doi = {10.1103/RevModPhys.55.583},
  url = {https://link.aps.org/doi/10.1103/RevModPhys.55.583}
}

@article{nonlinearRG,
  title = {Nonlinear renormalization groups},
  author = {Bell, Thomas L. and Wilson, Kenneth G.},
  journal = {Phys. Rev. B},
  volume = {10},
  issue = {9},
  pages = {3935--3944},
  numpages = {0},
  year = {1974},
  month = {Nov},
  publisher = {American Physical Society},
  doi = {10.1103/PhysRevB.10.3935},
  url = {https://link.aps.org/doi/10.1103/PhysRevB.10.3935}
}

@article{wilson1970a,
  title = {Model of Coupling-Constant Renormalization},
  author = {Wilson, Kenneth G.},
  journal = {Phys. Rev. D},
  volume = {2},
  issue = {8},
  pages = {1438--1472},
  numpages = {0},
  year = {1970},
  month = {Oct},
  publisher = {American Physical Society},
  doi = {10.1103/PhysRevD.2.1438},
  url = {https://link.aps.org/doi/10.1103/PhysRevD.2.1438}
}

@article{wilson1972,
  title = {Critical Exponents in 3.99 Dimensions},
  author = {Wilson, Kenneth G. and Fisher, Michael E.},
  journal = {Phys. Rev. Lett.},
  volume = {28},
  issue = {4},
  pages = {240--243},
  numpages = {0},
  year = {1972},
  month = {Jan},
  publisher = {American Physical Society},
  doi = {10.1103/PhysRevLett.28.240},
  url = {https://link.aps.org/doi/10.1103/PhysRevLett.28.240}
}

@article{largeNexp,
  title = {Critical Behavior of a Classical Heisenberg Ferromagnet with Many Degrees of Freedom},
  author = {Br\'ezin, E. and Wallace, D. J.},
  journal = {Phys. Rev. B},
  volume = {7},
  issue = {5},
  pages = {1967--1974},
  numpages = {0},
  year = {1973},
  month = {Mar},
  publisher = {American Physical Society},
  doi = {10.1103/PhysRevB.7.1967},
  url = {https://link.aps.org/doi/10.1103/PhysRevB.7.1967}
}

@article{kadanoff1966,
  title = {Scaling laws for ising models near ${T}_{c}$},
  author = {Kadanoff, Leo P.},
  journal = {Physics Physique Fizika},
  volume = {2},
  issue = {6},
  pages = {263--272},
  numpages = {10},
  year = {1966},
  month = {Jun},
  publisher = {American Physical Society},
  doi = {10.1103/PhysicsPhysiqueFizika.2.263},
  url = {https://link.aps.org/doi/10.1103/PhysicsPhysiqueFizika.2.263}
}

@article{kadanoff1975,
  title = {Variational Principles and Approximate Renormalization Group Calculations},
  author = {Kadanoff, Leo P.},
  journal = {Phys. Rev. Lett.},
  volume = {34},
  issue = {16},
  pages = {1005--1008},
  numpages = {0},
  year = {1975},
  month = {Apr},
  publisher = {American Physical Society},
  doi = {10.1103/PhysRevLett.34.1005},
  url = {https://link.aps.org/doi/10.1103/PhysRevLett.34.1005}
}

@article{niemeijer1973,
  title = {Wilson Theory for Spin Systems on a Triangular Lattice},
  author = {Niemeijer, Th. and van Leeuwen, J. M. J.},
  journal = {Phys. Rev. Lett.},
  volume = {31},
  issue = {23},
  pages = {1411--1414},
  numpages = {0},
  year = {1973},
  month = {Dec},
  publisher = {American Physical Society},
  doi = {10.1103/PhysRevLett.31.1411},
  url = {https://link.aps.org/doi/10.1103/PhysRevLett.31.1411}
}

@article{kadanoff1976,
title = "Notes on Migdal's recursion formulas",
journal = "Annals of Physics",
volume = "100",
number = "1",
pages = "359 - 394",
year = "1976",
issn = "0003-4916",
doi = "https://doi.org/10.1016/0003-4916(76)90066-X",
url = "http://www.sciencedirect.com/science/article/pii/000349167690066X",
author = "Leo P Kadanoff",
}

@article{migdal,
  title={Recursion equations in gauge field theories 1975 Sov. Phys},
  author={Migdal, AA},
  journal={JETP},
  volume={42},
  year = {1975},
  number={413},
  pages={743}
}

@book{kardar2007, 
    place={Cambridge}, 
    title={Statistical Physics of Fields}, 
    DOI={10.1017/CBO9780511815881}, 
    publisher={Cambridge University Press}, 
    author={Kardar, Mehran}, 
    year={2007}
}

@article{trg,
  title = {Tensor Renormalization Group Approach to Two-Dimensional Classical Lattice Models},
  author = {Levin, Michael and Nave, Cody P.},
  journal = {Phys. Rev. Lett.},
  volume = {99},
  issue = {12},
  pages = {120601},
  numpages = {4},
  year = {2007},
  month = {Sep},
  publisher = {American Physical Society},
  doi = {10.1103/PhysRevLett.99.120601},
  url = {https://link.aps.org/doi/10.1103/PhysRevLett.99.120601}
}

@article{SRGa,
  title = {Second Renormalization of Tensor-Network States},
  author = {Xie, Z. Y. and Jiang, H. C. and Chen, Q. N. and Weng, Z. Y. and Xiang, T.},
  journal = {Phys. Rev. Lett.},
  volume = {103},
  issue = {16},
  pages = {160601},
  numpages = {4},
  year = {2009},
  month = {Oct},
  publisher = {American Physical Society},
  doi = {10.1103/PhysRevLett.103.160601},
  url = {https://link.aps.org/doi/10.1103/PhysRevLett.103.160601}
}

@article{SRGb,
  title = {Renormalization of tensor-network states},
  author = {Zhao, H. H. and Xie, Z. Y. and Chen, Q. N. and Wei, Z. C. and Cai, J. W. and Xiang, T.},
  journal = {Phys. Rev. B},
  volume = {81},
  issue = {17},
  pages = {174411},
  numpages = {17},
  year = {2010},
  month = {May},
  publisher = {American Physical Society},
  doi = {10.1103/PhysRevB.81.174411},
  url = {https://link.aps.org/doi/10.1103/PhysRevB.81.174411}
}

@article{hotrg,
  title = {Coarse-graining renormalization by higher-order singular value decomposition},
  author = {Xie, Z. Y. and Chen, J. and Qin, M. P. and Zhu, J. W. and Yang, L. P. and Xiang, T.},
  journal = {Phys. Rev. B},
  volume = {86},
  issue = {4},
  pages = {045139},
  numpages = {9},
  year = {2012},
  month = {Jul},
  publisher = {American Physical Society},
  doi = {10.1103/PhysRevB.86.045139},
  url = {https://link.aps.org/doi/10.1103/PhysRevB.86.045139}
}

@misc{morita2020global,
      title={Global optimization of tensor renormalization group using the corner transfer matrix}, 
      author={Satoshi Morita and Naoki Kawashima},
      year={2020},
      eprint={2009.01997},
      archivePrefix={arXiv},
      primaryClass={cond-mat.stat-mech}
}

@article{polchinski1988,
title = "Scale and conformal invariance in quantum field theory",
journal = "Nuclear Physics B",
volume = "303",
number = "2",
pages = "226 - 236",
year = "1988",
issn = "0550-3213",
doi = "https://doi.org/10.1016/0550-3213(88)90179-4",
url = "http://www.sciencedirect.com/science/article/pii/0550321388901794",
author = "Joseph Polchinski",
abstract = "We study the relation between invariance under rigid and local changes of length scale. In two dimensions, we complete an argument of Zamolodchikov showing that the rigid invariance implies the local under broad conditions. In three or more dimensions we are unable to find either a general proof or a counterexample, but we find some new conformally invariant systems."
}

@article{nakayama2015,
title = "Scale invariance vs conformal invariance",
journal = "Physics Reports",
volume = "569",
pages = "1 - 93",
year = "2015",
note = "Scale invariance vs conformal invariance",
issn = "0370-1573",
doi = "https://doi.org/10.1016/j.physrep.2014.12.003",
url = "http://www.sciencedirect.com/science/article/pii/S0370157314004499",
author = "Yu Nakayama",
keywords = "Scale invariance, Conformal invariance, Renormalization group, Holography"
}

@article{kadanoff2014,
  title = {Real-space renormalization in statistical mechanics},
  author = {Efrati, Efi and Wang, Zhe and Kolan, Amy and Kadanoff, Leo P.},
  journal = {Rev. Mod. Phys.},
  volume = {86},
  issue = {2},
  pages = {647--667},
  numpages = {23},
  year = {2014},
  month = {May},
  publisher = {American Physical Society},
  doi = {10.1103/RevModPhys.86.647},
  url = {https://link.aps.org/doi/10.1103/RevModPhys.86.647}
}

@article{Berker2008,
  title = {High-precision thermodynamic and critical properties from tensor renormalization-group flows},
  author = {Hinczewski, Michael and Berker, A. Nihat},
  journal = {Phys. Rev. E},
  volume = {77},
  issue = {1},
  pages = {011104},
  numpages = {6},
  year = {2008},
  month = {Jan},
  publisher = {American Physical Society},
  doi = {10.1103/PhysRevE.77.011104},
  url = {https://link.aps.org/doi/10.1103/PhysRevE.77.011104}
}

@article{xiang2019adtrg,
  title = {Differentiable Programming Tensor Networks},
  author = {Liao, Hai-Jun and Liu, Jin-Guo and Wang, Lei and Xiang, Tao},
  journal = {Phys. Rev. X},
  volume = {9},
  issue = {3},
  pages = {031041},
  numpages = {12},
  year = {2019},
  month = {Sep},
  publisher = {American Physical Society},
  doi = {10.1103/PhysRevX.9.031041},
  url = {https://link.aps.org/doi/10.1103/PhysRevX.9.031041}
}

@article{aoki2009,
author = {Aoki, KEN-ICHI and Kobayashi, Tamao and Tomita, Hiroshi},
title = {DOMAIN WALL RENORMALIZATION GROUP ANALYSIS OF TWO-DIMENSIONAL ISING MODEL},
journal = {International Journal of Modern Physics B},
volume = {23},
number = {18},
pages = {3739-3751},
year = {2009},
doi = {10.1142/S0217979209053357},
URL = {https://doi.org/10.1142/S0217979209053357},
eprint = {https://doi.org/10.1142/S0217979209053357}
}

@article{meurice2013,
  title = {Accurate exponents from approximate tensor renormalizations},
  author = {Meurice, Y.},
  journal = {Phys. Rev. B},
  volume = {87},
  issue = {6},
  pages = {064422},
  numpages = {4},
  year = {2013},
  month = {Feb},
  publisher = {American Physical Society},
  doi = {10.1103/PhysRevB.87.064422},
  url = {https://link.aps.org/doi/10.1103/PhysRevB.87.064422}
}

@article{atrg,
  title = {Anisotropic tensor renormalization group},
  author = {Adachi, Daiki and Okubo, Tsuyoshi and Todo, Synge},
  journal = {Phys. Rev. B},
  volume = {102},
  issue = {5},
  pages = {054432},
  numpages = {7},
  year = {2020},
  month = {Aug},
  publisher = {American Physical Society},
  doi = {10.1103/PhysRevB.102.054432},
  url = {https://link.aps.org/doi/10.1103/PhysRevB.102.054432}
}

@misc{triadtrg,
      title={Renormalization group on a triad network}, 
      author={Daisuke Kadoh and Katsumasa Nakayama},
      year={2019},
      eprint={1912.02414},
      archivePrefix={arXiv},
      primaryClass={hep-lat}
}

@article{GuWen2009,
  title = {Tensor-entanglement-filtering renormalization approach and symmetry-protected topological order},
  author = {Gu, Zheng-Cheng and Wen, Xiao-Gang},
  journal = {Phys. Rev. B},
  volume = {80},
  issue = {15},
  pages = {155131},
  numpages = {23},
  year = {2009},
  month = {Oct},
  publisher = {American Physical Society},
  doi = {10.1103/PhysRevB.80.155131},
  url = {https://link.aps.org/doi/10.1103/PhysRevB.80.155131}
}

@UNPUBLISHED{LevinTalk,
   author = {Levin, Michael},
   title = {Real space renormalization group and the emergence of topological order},
   month = {Mar},
   year = {2007},
   note = {Talk at the IPAM workshop ``Topological Quantum Computing''},
   url = {http://www.ipam.ucla.edu/abstract/?tid=6595&pcode=TQC2007},
}

@article{looptnr,
  title = {Loop Optimization for Tensor Network Renormalization},
  author = {Yang, Shuo and Gu, Zheng-Cheng and Wen, Xiao-Gang},
  journal = {Phys. Rev. Lett.},
  volume = {118},
  issue = {11},
  pages = {110504},
  numpages = {6},
  year = {2017},
  month = {Mar},
  publisher = {American Physical Society},
  doi = {10.1103/PhysRevLett.118.110504},
  url = {https://link.aps.org/doi/10.1103/PhysRevLett.118.110504}
}

@article{tnr,
  title = {Tensor Network Renormalization},
  author = {Evenbly, G. and Vidal, G.},
  journal = {Phys. Rev. Lett.},
  volume = {115},
  issue = {18},
  pages = {180405},
  numpages = {6},
  year = {2015},
  month = {Oct},
  publisher = {American Physical Society},
  doi = {10.1103/PhysRevLett.115.180405},
  url = {https://link.aps.org/doi/10.1103/PhysRevLett.115.180405}
}

@article{tnralgo,
  title = {Algorithms for tensor network renormalization},
  author = {Evenbly, G.},
  journal = {Phys. Rev. B},
  volume = {95},
  issue = {4},
  pages = {045117},
  numpages = {19},
  year = {2017},
  month = {Jan},
  publisher = {American Physical Society},
  doi = {10.1103/PhysRevB.95.045117},
  url = {https://link.aps.org/doi/10.1103/PhysRevB.95.045117}
}

@article{tnrplus,
  title = {Renormalization Group Flows of Hamiltonians Using Tensor Networks},
  author = {Bal, M. and Mari\"en, M. and Haegeman, J. and Verstraete, F.},
  journal = {Phys. Rev. Lett.},
  volume = {118},
  issue = {25},
  pages = {250602},
  numpages = {5},
  year = {2017},
  month = {Jun},
  publisher = {American Physical Society},
  doi = {10.1103/PhysRevLett.118.250602},
  url = {https://link.aps.org/doi/10.1103/PhysRevLett.118.250602}
}

@article{cardy1986,
title = "Operator content of two-dimensional conformally invariant theories",
journal = "Nuclear Physics B",
volume = "270",
pages = "186 - 204",
year = "1986",
issn = "0550-3213",
doi = "https://doi.org/10.1016/0550-3213(86)90552-3",
url = "http://www.sciencedirect.com/science/article/pii/0550321386905523",
author = "John L. Cardy",
abstract = "It is shown how conformal invariance relates many numerically accessible properties of the transfer matrix of a critical system in a finite-width infinitely long strip to bulk universal quantities. Conversely, general properties of the transfer matrix imply constraints on the allowed operator content of the theory. We show that unitary theories with a finite number of primary operators must have a conformal anomaly number c < 1, and therefore must fall into the classification of Friedan, Qiu and Shenker. For such theories, we derive sum rules which constrain the numbers of operators with given scaling dimensions."
}

@article{poland2019,
  title = {The conformal bootstrap: Theory, numerical techniques, and applications},
  author = {Poland, David and Rychkov, Slava and Vichi, Alessandro},
  journal = {Rev. Mod. Phys.},
  volume = {91},
  issue = {1},
  pages = {015002},
  numpages = {74},
  year = {2019},
  month = {Jan},
  publisher = {American Physical Society},
  doi = {10.1103/RevModPhys.91.015002},
  url = {https://link.aps.org/doi/10.1103/RevModPhys.91.015002}
}

@article{Delcamp2020,
  title = {Computing the renormalization group flow of two-dimensional ${\ensuremath{\phi}}^{4}$ theory with tensor networks},
  author = {Delcamp, Clement and Tilloy, Antoine},
  journal = {Phys. Rev. Research},
  volume = {2},
  issue = {3},
  pages = {033278},
  numpages = {15},
  year = {2020},
  month = {Aug},
  publisher = {American Physical Society},
  doi = {10.1103/PhysRevResearch.2.033278},
  url = {https://link.aps.org/doi/10.1103/PhysRevResearch.2.033278}
}


@article{wilsonNumRG,
  title = {The renormalization group: Critical phenomena and the Kondo problem},
  author = {Wilson, Kenneth G.},
  journal = {Rev. Mod. Phys.},
  volume = {47},
  issue = {4},
  pages = {773--840},
  numpages = {0},
  year = {1975},
  month = {Oct},
  publisher = {American Physical Society},
  doi = {10.1103/RevModPhys.47.773},
  url = {https://link.aps.org/doi/10.1103/RevModPhys.47.773}
}

@article{hosvd1,
author = {De Lathauwer, Lieven and De Moor, Bart and Vandewalle, Joos},
title = {A Multilinear Singular Value Decomposition},
journal = {SIAM Journal on Matrix Analysis and Applications},
volume = {21},
number = {4},
pages = {1253-1278},
year = {2000},
doi = {10.1137/S0895479896305696},
URL = { https://doi.org/10.1137/S0895479896305696},
eprint = {https://doi.org/10.1137/S0895479896305696}
}

@article{hosvd2,
author = {De Lathauwer, Lieven and De Moor, Bart and Vandewalle, Joos},
title = {On the Best Rank-$1$ and Rank-(${R1 ,R2 , \ldots,RN}$) Approximation of Higher-Order Tensors},
journal = {SIAM Journal on Matrix Analysis and Applications},
volume = {21},
number = {4},
pages = {1324-1342},
year = {2000},
doi = {10.1137/S0895479898346995},
URL = {https://doi.org/10.1137/S0895479898346995},
eprint = {https://doi.org/10.1137/S0895479898346995}
}

@article{hosvd3,
author = {de Silva, Vin and Lim, Lek-Heng},
title = {Tensor Rank and the Ill-Posedness of the Best Low-Rank Approximation Problem},
journal = {SIAM Journal on Matrix Analysis and Applications},
volume = {30},
number = {3},
pages = {1084-1127},
year = {2008},
doi = {10.1137/06066518X},
URL = {https://doi.org/10.1137/06066518X},
eprint = {https://doi.org/10.1137/06066518X}
}

@misc{ghojogh2019eigenvalue,
      title={Eigenvalue and Generalized Eigenvalue Problems: Tutorial}, 
      author={Benyamin Ghojogh and Fakhri Karray and Mark Crowley},
      year={2019},
      eprint={1903.11240},
      archivePrefix={arXiv},
      primaryClass={stat.ML}
}

@article{harada2018,
  title = {Entanglement branching operator},
  author = {Harada, Kenji},
  journal = {Phys. Rev. B},
  volume = {97},
  issue = {4},
  pages = {045124},
  numpages = {9},
  year = {2018},
  month = {Jan},
  publisher = {American Physical Society},
  doi = {10.1103/PhysRevB.97.045124},
  url = {https://link.aps.org/doi/10.1103/PhysRevB.97.045124}
}

@article{gilts,
  title = {Renormalization of tensor networks using graph-independent local truncations},
  author = {Hauru, Markus and Delcamp, Clement and Mizera, Sebastian},
  journal = {Phys. Rev. B},
  volume = {97},
  issue = {4},
  pages = {045111},
  numpages = {18},
  year = {2018},
  month = {Jan},
  publisher = {American Physical Society},
  doi = {10.1103/PhysRevB.97.045111},
  url = {https://link.aps.org/doi/10.1103/PhysRevB.97.045111}
}

@article{fet,
  title = {Gauge fixing, canonical forms, and optimal truncations in tensor networks with closed loops},
  author = {Evenbly, Glen},
  journal = {Phys. Rev. B},
  volume = {98},
  issue = {8},
  pages = {085155},
  numpages = {11},
  year = {2018},
  month = {Aug},
  publisher = {American Physical Society},
  doi = {10.1103/PhysRevB.98.085155},
  url = {https://link.aps.org/doi/10.1103/PhysRevB.98.085155}
}

@article{tns,
author = {Ying, Lexing},
title = {Tensor Network Skeletonization},
journal = {Multiscale Modeling \& Simulation},
volume = {15},
number = {4},
pages = {1423-1447},
year = {2017},
doi = {10.1137/16M1082676},
URL = {https://doi.org/10.1137/16M1082676},
eprint = {https://doi.org/10.1137/16M1082676}
}

@article{tensor-ring,
author = {Lee, Hyun-Yong and Kawashima, Naoki},
title = {Tensor-Ring Decomposition with Index-Splitting},
journal = {Journal of the Physical Society of Japan},
volume = {89},
number = {5},
pages = {054003},
year = {2020},
doi = {10.7566/JPSJ.89.054003},
URL = {https://doi.org/10.7566/JPSJ.89.054003},
eprint = {https://doi.org/10.7566/JPSJ.89.054003}
}

@article{hotrgfixpoint,
  title = {Doubling of entanglement spectrum in tensor renormalization group},
  author = {Ueda, Hiroshi and Okunishi, Kouichi and Nishino, Tomotoshi},
  journal = {Phys. Rev. B},
  volume = {89},
  issue = {7},
  pages = {075116},
  numpages = {10},
  year = {2014},
  month = {Feb},
  publisher = {American Physical Society},
  doi = {10.1103/PhysRevB.89.075116},
  url = {https://link.aps.org/doi/10.1103/PhysRevB.89.075116}
}

@book{cardy_1996, 
    place={Cambridge}, 
    series={Cambridge Lecture Notes in Physics}, 
    title={Scaling and Renormalization in Statistical Physics}, 
    DOI={10.1017/CBO9781316036440}, 
    publisher={Cambridge University Press}, 
    author={Cardy, John}, 
    year={1996},
    pages={28-60},
    collection={Cambridge Lecture Notes in Physics}
}

@article{Singh2010SymTen,
  title = {Tensor network decompositions in the presence of a global symmetry},
  author = {Singh, Sukhwinder and Pfeifer, Robert N. C. and Vidal, Guifr\'e},
  journal = {Phys. Rev. A},
  volume = {82},
  issue = {5},
  pages = {050301},
  numpages = {4},
  year = {2010},
  month = {Nov},
  publisher = {American Physical Society},
  doi = {10.1103/PhysRevA.82.050301},
  url = {https://link.aps.org/doi/10.1103/PhysRevA.82.050301}
}

@article{Singh2011U1Ten,
  title = {Tensor network states and algorithms in the presence of a global U(1) symmetry},
  author = {Singh, Sukhwinder and Pfeifer, Robert N. C. and Vidal, Guifre},
  journal = {Phys. Rev. B},
  volume = {83},
  issue = {11},
  pages = {115125},
  numpages = {22},
  year = {2011},
  month = {Mar},
  publisher = {American Physical Society},
  doi = {10.1103/PhysRevB.83.115125},
  url = {https://link.aps.org/doi/10.1103/PhysRevB.83.115125}
}

@article{Singh2012SU2Ten,
  title = {Tensor network states and algorithms in the presence of a global SU(2) symmetry},
  author = {Singh, Sukhwinder and Vidal, Guifre},
  journal = {Phys. Rev. B},
  volume = {86},
  issue = {19},
  pages = {195114},
  numpages = {31},
  year = {2012},
  month = {Nov},
  publisher = {American Physical Society},
  doi = {10.1103/PhysRevB.86.195114},
  url = {https://link.aps.org/doi/10.1103/PhysRevB.86.195114}
}

@incollection{pytorch,
title = {PyTorch: An Imperative Style, High-Performance Deep Learning Library},
author = {Paszke, Adam and Gross, Sam and Massa, Francisco and Lerer, Adam and Bradbury, James and Chanan, Gregory and Killeen, Trevor and Lin, Zeming and Gimelshein, Natalia and Antiga, Luca and Desmaison, Alban and Kopf, Andreas and Yang, Edward and DeVito, Zachary and Raison, Martin and Tejani, Alykhan and Chilamkurthy, Sasank and Steiner, Benoit and Fang, Lu and Bai, Junjie and Chintala, Soumith},
booktitle = {Advances in Neural Information Processing Systems 32},
editor = {H. Wallach and H. Larochelle and A. Beygelzimer and F. d\textquotesingle Alch\'{e}-Buc and E. Fox and R. Garnett},
pages = {8024--8035},
year = {2019},
publisher = {Curran Associates, Inc.},
url = {http://papers.neurips.cc/paper/9015-pytorch-an-imperative-style-high-performance-deep-learning-library.pdf}
}

@software{jax2018github,
  author = {James Bradbury and Roy Frostig and Peter Hawkins and Matthew James Johnson and Chris Leary and Dougal Maclaurin and George Necula and Adam Paszke and Jake Vander{P}las and Skye Wanderman-{M}ilne and Qiao Zhang},
  title = {{JAX}: composable transformations of {P}ython+{N}um{P}y programs},
  url = {http://github.com/google/jax},
  version = {0.2.5},
  year = {2018},
}

@Inbook{DiFrancesco1997,
author="Di Francesco, Philippe
and Mathieu, Pierre
and S{\'e}n{\'e}chal, David",
title="Minimal Models I",
bookTitle="Conformal Field Theory",
year="1997",
publisher="Springer New York",
address="New York, NY",
url="https://doi.org/10.1007/978-1-4612-2256-9_7"
}

@article{EvenblyDilatationOp,
  title = {Local Scale Transformations on the Lattice with Tensor Network Renormalization},
  author = {Evenbly, G. and Vidal, G.},
  journal = {Phys. Rev. Lett.},
  volume = {116},
  issue = {4},
  pages = {040401},
  numpages = {5},
  year = {2016},
  month = {Jan},
  publisher = {American Physical Society},
  doi = {10.1103/PhysRevLett.116.040401},
  url = {https://link.aps.org/doi/10.1103/PhysRevLett.116.040401}
}

@article{ER2007,
  title = {Entanglement Renormalization},
  author = {Vidal, G.},
  journal = {Phys. Rev. Lett.},
  volume = {99},
  issue = {22},
  pages = {220405},
  numpages = {4},
  year = {2007},
  month = {Nov},
  publisher = {American Physical Society},
  doi = {10.1103/PhysRevLett.99.220405},
  url = {https://link.aps.org/doi/10.1103/PhysRevLett.99.220405}
}

@article{MERA,
  title = {Class of Quantum Many-Body States That Can Be Efficiently Simulated},
  author = {Vidal, G.},
  journal = {Phys. Rev. Lett.},
  volume = {101},
  issue = {11},
  pages = {110501},
  numpages = {4},
  year = {2008},
  month = {Sep},
  publisher = {American Physical Society},
  doi = {10.1103/PhysRevLett.101.110501},
  url = {https://link.aps.org/doi/10.1103/PhysRevLett.101.110501}
}

@article{MERAsupop,
  title = {Entanglement renormalization, scale invariance, and quantum criticality},
  author = {Pfeifer, Robert N. C. and Evenbly, Glen and Vidal, Guifr\'e},
  journal = {Phys. Rev. A},
  volume = {79},
  issue = {4},
  pages = {040301},
  numpages = {4},
  year = {2009},
  month = {Apr},
  publisher = {American Physical Society},
  doi = {10.1103/PhysRevA.79.040301},
  url = {https://link.aps.org/doi/10.1103/PhysRevA.79.040301}
}

@article{supop2scaleD,
  title = {Quantum Multiscale Entanglement Renormalization Ansatz Channels},
  author = {Giovannetti, V. and Montangero, S. and Fazio, Rosario},
  journal = {Phys. Rev. Lett.},
  volume = {101},
  issue = {18},
  pages = {180503},
  numpages = {4},
  year = {2008},
  month = {Oct},
  publisher = {American Physical Society},
  doi = {10.1103/PhysRevLett.101.180503},
  url = {https://link.aps.org/doi/10.1103/PhysRevLett.101.180503}
}

@article{MERA2p1,
  title = {Entanglement Renormalization in Two Spatial Dimensions},
  author = {Evenbly, G. and Vidal, G.},
  journal = {Phys. Rev. Lett.},
  volume = {102},
  issue = {18},
  pages = {180406},
  numpages = {4},
  year = {2009},
  month = {May},
  publisher = {American Physical Society},
  doi = {10.1103/PhysRevLett.102.180406},
  url = {https://link.aps.org/doi/10.1103/PhysRevLett.102.180406}
}

